<record><leader>00000cas a22000007a 4500</leader><controlfield tag="001">17246812</controlfield><controlfield tag="008">871216c19109999ohudn ne      0    0eng d</controlfield><datafield ind1=" " ind2=" " tag="010"><subfield code="a">sn 87076956 </subfield></datafield><datafield ind1=" " ind2=" " tag="040"><subfield code="a">ONP</subfield><subfield code="b">eng</subfield><subfield code="c">ONP</subfield><subfield code="d">OCLCQ</subfield></datafield><datafield ind1=" " ind2=" " tag="042"><subfield code="a">msc</subfield></datafield><datafield ind1="0" ind2=" " tag="130"><subfield code="a">Urbana daily citizen (Urbana, Ohio : 1910)</subfield></datafield><datafield ind1="1" ind2="4" tag="245"><subfield code="a">The Urbana daily citizen.</subfield></datafield><datafield ind1=" " ind2=" " tag="260"><subfield code="a">Urbana, Ohio :</subfield><subfield code="b">Urbana News Co.</subfield></datafield><datafield ind1=" " ind2=" " tag="300"><subfield code="a">v.</subfield></datafield><datafield ind1=" " ind2=" " tag="310"><subfield code="a">Daily (except Sun.)</subfield></datafield><datafield ind1="1" ind2=" " tag="362"><subfield code="a">Began with Mar. 21, 1910 issue.</subfield></datafield><datafield ind1=" " ind2=" " tag="588"><subfield code="a">Description based on: Vol. 27, no. 208 (May 7, 1910).</subfield></datafield><datafield ind1=" " ind2="4" tag="651"><subfield code="a">Urbana (Ohio)</subfield><subfield code="v">Newspapers.</subfield></datafield><datafield ind1=" " ind2="4" tag="651"><subfield code="a">Champaign County (Ohio)</subfield><subfield code="v">Newspapers.</subfield></datafield><datafield ind1=" " ind2=" " tag="752"><subfield code="a">United States</subfield><subfield code="b">Ohio</subfield><subfield code="c">Champaign</subfield><subfield code="d">Urbana.</subfield></datafield><datafield ind1="1" ind2=" " tag="775"><subfield code="a">Weekly citizen (Urbana, Ohio)</subfield><subfield code="w">(DLC)sn 90068997</subfield></datafield><datafield ind1="0" ind2="0" tag="780"><subfield code="t">Urbana daily times citizen</subfield><subfield code="w">(DLC)sn 87076955</subfield></datafield><datafield ind1="1" ind2=" " tag="029"><subfield code="a">AU@</subfield><subfield code="b">000025803503</subfield></datafield></record>